<?xml version="1.0" encoding="UTF-8"?><collection xmlns="http://www.loc.gov/MARC21/slim"><record><leader>00405nam--2200133-i-4500</leader><controlfield tag="001">000043092</controlfield><controlfield tag="002">20161230</controlfield><controlfield tag="005">20161230201043</controlfield><controlfield tag="008">060222s1000------------r-----000-0-eng-d</controlfield><datafield ind1=" " ind2=" " tag="080"><subfield code="a">546.96:621.039.59(043)</subfield></datafield><datafield ind1=" " ind2=" " tag="100"><subfield code="a">Sueur,Stephane</subfield></datafield><datafield ind1=" " ind2=" " tag="245"><subfield code="a">Synthese et caracterisation de complexes monitrosyles du ruthenium:reactivite du nitrosyle coordonne. these</subfield></datafield><datafield ind1=" " ind2=" " tag="260"><subfield code="a">Lille, Univ.1977. 170 P</subfield></datafield><datafield ind1=" " ind2=" " tag="852"><subfield code="a">48509</subfield></datafield></record></collection>